@misc{B2,
  title={{Requerimientos Funcionales y No Funcionales, ejemplos y tips}},
  URL={https://medium.com/@requeridosblog/requerimientos-funcionales-y-no-funcionales-ejemplos-y-tips-aa31cb59b22a},
}
  
@misc{B1,
  title={{Non-functional requirement}},
  url={https://en.wikipedia.org/wiki/Non-functional_requirement},
}

@misc{B3,
  title={{Práctica de Atributos de Calidad y Escenarios}},
  url={https://www.cubawiki.com.ar/index.php/Pr%C3%A1ctica_de_Atributos_de_Calidad_y_Escenarios_(Ingenier%C3%ADa_II)},
}

@misc{B4,
  title={{Requerimientos No Funcionales: Porque son importantes}},
  url={http://www.pmoinformatica.com/2013/01/requerimientos-no-funcionales-porque.html},
}

@misc{B4,
  title={{Importancia de la Ingeniería de Requerimiento}},
  url={http://fundamentosdeingenieriahg.blogspot.com/p/cual-es-la-importancia-de-la-ingenieria.html},
}


